@online{noauthor_cs_nodate,
	title = {{CS} 182: Deep Neural Networks, Spring 2023},
	url = {https://inst.eecs.berkeley.edu/~cs182/sp23/},
	urldate = {2023-05-15},
	keywords = {/unread},
	file = {CS 182\: Deep Neural Networks, Spring 2023:/Users/alex/Zotero/storage/XVWDE7VK/sp23.html:text/html},
}