@article{gortler2019visual,
  title={A visual exploration of gaussian processes},
  author={G{\"o}rtler, Jochen and Kehlbeck, Rebecca and Deussen, Oliver},
  journal={Distill},
  volume={4},
  number={4},
  pages={e17},
  year={2019}
}

@article{mackay1998introduction,
  title={Introduction to Gaussian processes},
  author={MacKay, David JC and others},
  journal={NATO ASI series F computer and systems sciences},
  volume={168},
  pages={133--166},
  year={1998},
  publisher={Citeseer}
}

@techreport{oliver2015basic,
  title={Basic steps in geostatistics: the variogram and kriging},
  author={Oliver, Margaret A and Webster, Richard and others},
  year={2015},
  institution={Springer}
}

@article{oliver2014tutorial,
  title={A tutorial guide to geostatistics: Computing and modelling variograms and kriging},
  author={Oliver, MA and Webster, R},
  journal={Catena},
  volume={113},
  pages={56--69},
  year={2014},
  publisher={Elsevier}
}

@article{havasi2018inference,
  title={Inference in deep Gaussian processes using stochastic gradient Hamiltonian Monte Carlo},
  author={Havasi, Marton and Hern{\'a}ndez-Lobato, Jos{\'e} Miguel and Murillo-Fuentes, Juan Jos{\'e}},
  journal={Advances in neural information processing systems},
  volume={31},
  year={2018}
}

@article{seeger2004gaussian,
  title={Gaussian processes for machine learning},
  author={Seeger, Matthias},
  journal={International journal of neural systems},
  volume={14},
  number={02},
  pages={69--106},
  year={2004},
  publisher={World Scientific}
}

@article{dramsch202070,
  title={70 years of machine learning in geoscience in review},
  author={Dramsch, Jesper S{\"o}ren},
  journal={Advances in geophysics},
  volume={61},
  pages={1--55},
  year={2020},
  publisher={Elsevier}
}

@book{williams2006gaussian,
  title={Gaussian processes for machine learning},
  author={Williams, Christopher KI and Rasmussen, Carl Edward},
  volume={2},
  number={3},
  year={2006},
  publisher={MIT press Cambridge, MA}
}

@article{williams1995gaussian,
  title={Gaussian processes for regression},
  author={Williams, Christopher and Rasmussen, Carl},
  journal={Advances in neural information processing systems},
  volume={8},
  year={1995}
}

@article{hensman2013gaussian,
  title={Gaussian processes for big data},
  author={Hensman, James and Fusi, Nicolo and Lawrence, Neil D},
  journal={arXiv preprint arXiv:1309.6835},
  year={2013}
}

@article{hezhikun2013overview,
  title={Overview of gaussian process regression},
  author={Zhikun he},
  journal={Control and Decision},
  volume={28},
  number={1121-1129+1137},
  year={2013}
}
@misc{geostatisticalworkflow, 
  title={ArcGIS Pro Documentation: The geostatistical workflow}, 
  url={https://pro.arcgis.com/en/pro-app/latest/help/analysis/geostatistical-analyst/the-geostatistical-workflow.htm}, 
  author={ESRI} 
}

@article{matheron1963principles,
  title={Principles of geostatistics},
  author={Matheron, Georges},
  journal={Economic geology},
  volume={58},
  number={8},
  pages={1246--1266},
  year={1963},
  publisher={Society of Economic Geologists}
}

@book{bengio2017deep,
  title={Deep learning},
  author={Bengio, Yoshua and Goodfellow, Ian and Courville, Aaron},
  volume={1},
  year={2017},
  publisher={MIT press Cambridge, MA, USA}
}

@article{hinton2015deep,
  title={Deep learning},
  author={Hinton, Geoffrey and LeCun, Yann and Bengio, Yoshua},
  journal={Nature},
  volume={521},
  number={7553},
  pages={436--444},
  year={2015}
}

@book{chiles2012geostatistics,
  title={Geostatistics: modeling spatial uncertainty},
  author={Chiles, Jean-Paul and Delfiner, Pierre},
  volume={713},
  year={2012},
  publisher={John Wiley \& Sons}
}

@article{schulz2018tutorial,
  title={A tutorial on Gaussian process regression: Modelling, exploring, and exploiting functions},
  author={Schulz, Eric and Speekenbrink, Maarten and Krause, Andreas},
  journal={Journal of Mathematical Psychology},
  volume={85},
  pages={1--16},
  year={2018},
  publisher={Elsevier}
}

@book{su2020gp,
  title={Machine Learning of Gaussian process and its Engineering Application},
  isbn={9787030669100},
  year={2020},
  author={Guoshao Su},
  publisher={Science Press, Beijing, China}
}

@misc{Godxia2023Spatial, 
  title = {Spatial Statistics 30: Origin of Geostatistics Origin},
	url = {https://blog.csdn.net/allenlu2008/article/details/103029221},
	author = {Meng Lu},
	urldate = {2023-06-27},
}

@article{miller2004tobler,
  title={Tobler's first law and spatial analysis},
  author={Miller, Harvey J},
  journal={Annals of the association of American geographers},
  volume={94},
  number={2},
  pages={284--289},
  year={2004},
  publisher={Taylor \& Francis}
}

@article{wang2020intuitive,
  title={An intuitive tutorial to Gaussian processes regression},
  author={Wang, Jie},
  journal={arXiv preprint arXiv:2009.10862},
  year={2020}
}

@book{shawe2004kernel,
  title={Kernel methods for pattern analysis},
  author={Shawe-Taylor, John and Cristianini, Nello and others},
  year={2004},
  publisher={Cambridge university press}
}

@article{alvarez2011computationally,
  title={Computationally efficient convolved multiple output Gaussian processes},
  author={Alvarez, Mauricio A and Lawrence, Neil D},
  journal={The Journal of Machine Learning Research},
  volume={12},
  pages={1459--1500},
  year={2011},
  publisher={JMLR. org}
}

@phdthesis{duvenaud2014automatic,
  title={Automatic model construction with Gaussian processes},
  author={Duvenaud, David},
  year={2014},
  school={University of Cambridge}
}

@article{hendriks2018evaluating,
  title={Evaluating the squared-exponential covariance function in Gaussian processes with integral observations},
  author={Hendriks, Johannes N and Jidling, Carl and Wills, Adrian and Sch{\"o}n, Thomas B},
  journal={arXiv preprint arXiv:1812.07319},
  year={2018}
}

@article{cressie1999classes,
  title={Classes of nonseparable, spatio-temporal stationary covariance functions},
  author={Cressie, Noel and Huang, Hsin-Cheng},
  journal={Journal of the American Statistical association},
  volume={94},
  number={448},
  pages={1330--1339},
  year={1999},
  publisher={Taylor \& Francis}
}

@article{minasny2007spatial,
  title={Spatial prediction of soil properties using EBLUP with the Mat{\'e}rn covariance function},
  author={Minasny, Budiman and McBratney, Alex B},
  journal={Geoderma},
  volume={140},
  number={4},
  pages={324--336},
  year={2007},
  publisher={Elsevier}
}

@inproceedings{solin2014explicit,
  title={Explicit link between periodic covariance functions and state space models},
  author={Solin, Arno and S{\"a}rkk{\"a}, Simo},
  booktitle={Artificial Intelligence and Statistics},
  pages={904--912},
  year={2014},
  organization={PMLR}
}

@article{lawrence2002fast,
  title={Fast sparse Gaussian process methods: The informative vector machine},
  author={Lawrence, Neil and Seeger, Matthias and Herbrich, Ralf},
  journal={Advances in neural information processing systems},
  volume={15},
  year={2002}
}

@inproceedings{titsias2009variational,
  title={Variational learning of inducing variables in sparse Gaussian processes},
  author={Titsias, Michalis},
  booktitle={Artificial intelligence and statistics},
  pages={567--574},
  year={2009},
  organization={PMLR}
}

@article{katzfuss2021general,
  title={A general framework for Vecchia approximations of Gaussian processes},
  author={Katzfuss, Matthias and Guinness, Joseph},
  year={2021}
}

@article{snelson2005sparse,
  title={Sparse Gaussian processes using pseudo-inputs},
  author={Snelson, Edward and Ghahramani, Zoubin},
  journal={Advances in neural information processing systems},
  volume={18},
  year={2005}
}

@phdthesis{davies_effective_2015,
	title = {Effective implementation of Gaussian process regression for machine learning},
	school = {University of Cambridge},
	author = {Davies, Alexander},
	year = {2015}
}

@phdthesis{cutajar_broadening_2019,
	title = {Broadening the scope of gaussian processes for large-scale learning},
	url = {https://theses.hal.science/tel-02968227},
	school = {Sorbonne Université},
	author = {Cutajar, Kurt},
	year = {2019},
}

@online{gisgeography_kriging_2017,
	title = {Kriging Interpolation - The Prediction Is Strong in this One},
	url = {https://gisgeography.com/kriging-interpolation-prediction/},
	abstract = {The prediction is strong in kriging. In this guide to geostatistics we embark on a journey to sculpt a legendary prediction model with kriging interpolation},
	titleaddon = {{GIS} Geography},
	author = {{GISGeography}},
	urldate = {2023-06-29},
	date = {2017-02-04},
	langid = {american},
}

@article{zimmerman1991comparison,
  title={A comparison of spatial semivariogram estimators and corresponding ordinary kriging predictors},
  author={Zimmerman, Dale L and Zimmerman, M Bridget},
  journal={Technometrics},
  volume={33},
  number={1},
  pages={77--91},
  year={1991},
  publisher={Taylor \& Francis}
}

@inproceedings{damianou2013deep,
  title={Deep gaussian processes},
  author={Damianou, Andreas and Lawrence, Neil D},
  booktitle={Artificial intelligence and statistics},
  pages={207--215},
  year={2013},
  organization={PMLR}
}

@online{kamperis_introduction_2021,
	title = {An introduction to Gaussian Processes Regression Analysis},
	url = {https://ekamperi.github.io/mathematics/2021/03/30/gaussian-process-regression},
	abstract = {An introduction to the Gaussian Processes, particularly in the context of regression analysis},
	titleaddon = {Let’s talk about science!},
	author = {Kamperis, Stathis},
	urldate = {2023-06-29},
	date = {2021-03-30},
	langid = {english},
}

@online{guibo_wang_gaussian_2019,
	title = {Gaussian Processes visualization and code implementation},
	url = {https://borgwang.github.io/ml/2019/07/28/gaussian-processes.html},
	author = {Guibo Wang},
	urldate = {2023-06-29},
	date = {2019-07-28},
	keywords = {/unread},
}

@book{murphy2012machine,
  title={Machine learning: a probabilistic perspective},
  author={Murphy, Kevin P},
  year={2012},
  publisher={MIT press}
}

@online{david_duvenaud_kernel_nodate,
	title = {Kernel Cookbook: Advice on Covariance functions},
	url = {https://www.cs.toronto.edu/~duvenaud/cookbook/},
	author = {David Duvenaud},
	urldate = {2023-06-29},
}

@online{Kaspar2018Neural,
	title = {Neural Processes as distributions over functions},
	url = {https://kasparmartens.rbind.io/post/np/},
	author = {Kaspar Märtens},
	date = {2018-08-10},
}

@article{frigola2013bayesian,
  title={Bayesian inference and learning in Gaussian process state-space models with particle MCMC},
  author={Frigola, Roger and Lindsten, Fredrik and Sch{\"o}n, Thomas B and Rasmussen, Carl Edward},
  journal={Advances in neural information processing systems},
  volume={26},
  year={2013}
}

@online{pu2023neural,
	title = {Neural network and Gaussian process},
	url = {https://xishansnow.github.io/posts/52ce42db.html},
	author = {Guoliang Pu},
	date = {2023-05-10},
}

@article{pretorius2020expected,
  title={On the expected behaviour of noise regularised deep neural networks as Gaussian processes},
  author={Pretorius, Arnu and Kamper, Herman and Kroon, Steve},
  journal={Pattern Recognition Letters},
  volume={138},
  pages={75--81},
  year={2020},
  publisher={Elsevier}
}

@misc{dubois2020npf,
  title        = {Neural Process Family},
  author       = {Dubois, Yann and Gordon, Jonathan and Foong, Andrew YK},
  month        = {September},
  year         = {2020},
  howpublished = {\url{http://yanndubs.github.io/Neural-Process-Family/}}
}

@misc{jha2022neural,
      title={The Neural Process Family: Survey, Applications and Perspectives}, 
      author={Saurav Jha and Dong Gong and Xuesong Wang and Richard E. Turner and Lina Yao},
      year={2022},
      eprint={2209.00517},
      archivePrefix={arXiv},
      primaryClass={cs.LG}
}

@online{pu2023gausssian,
	title = {Review on Gauss Processes},
	url = {https://xishansnow.github.io/posts/b5b2c876.html},
	author = {Guoliang Pu},
	date = {2023-05-09},
}

@article{chen2020stochastic,
  title={Stochastic gradient descent in correlated settings: A study on gaussian processes},
  author={Chen, Hao and Zheng, Lili and Al Kontar, Raed and Raskutti, Garvesh},
  journal={Advances in neural information processing systems},
  volume={33},
  pages={2722--2733},
  year={2020}
}

@online{apex_geoscience_geostatistical_nodate,
	title = {Geostatistical Services},
	url = {https://www.apexgeoscience.com/service/geostatistical-services/},
	abstract = {You’ll need to answer critical questions as your project advances from grassroots exploration to production. Whether you are identifying prospective geochemical signatures for regional targeting, optimizing drilling spacing, or understanding recovery and density through geological characteristics, traditional data analysis approaches can be insufficient to uncover the complex geological relationships within your data thoroughly. {APEX} utilizes […]},
	titleaddon = {{APEX} Geoscience Ltd.},
	author = {{APEX Geoscience}},
	urldate = {2023-06-30},
	langid = {canadian},
	keywords = {/unread},
	file = {Snapshot:/Users/alex/Zotero/storage/TY7WAJ6K/geostatistical-services.html:text/html},
}

@inproceedings{wilson2016deep,
  title={Deep kernel learning},
  author={Wilson, Andrew Gordon and Hu, Zhiting and Salakhutdinov, Ruslan and Xing, Eric P},
  booktitle={Artificial intelligence and statistics},
  pages={370--378},
  year={2016},
  organization={PMLR}
}

@article{tibo2022inducing,
  title={Inducing Gaussian Process Networks},
  author={Tibo, Alessandro and Nielsen, Thomas Dyhre},
  journal={arXiv preprint arXiv:2204.09889},
  year={2022}
}

@inproceedings{garnelo2018conditional,
  title={Conditional neural processes},
  author={Garnelo, Marta and Rosenbaum, Dan and Maddison, Christopher and Ramalho, Tiago and Saxton, David and Shanahan, Murray and Teh, Yee Whye and Rezende, Danilo and Eslami, SM Ali},
  booktitle={International conference on machine learning},
  pages={1704--1713},
  year={2018},
  organization={PMLR}
}

@article{garnelo2018neural,
  title={Neural processes},
  author={Garnelo, Marta and Schwarz, Jonathan and Rosenbaum, Dan and Viola, Fabio and Rezende, Danilo J and Eslami, SM and Teh, Yee Whye},
  journal={arXiv preprint arXiv:1807.01622},
  year={2018}
}

@online{martens_neural_2018,
	title = {Neural Processes as distributions over functions},
	url = {https://kasparmartens.rbind.io/post/np/},
	abstract = {In this year’s {ICML}, some interesting work was presented on Neural Processes. See the paper conditional Neural Processes and the follow-up work by the same authors on Neural Processes which was presented in the workshop.
Neural Processes ({NPs}) caught my attention as they essentially are a neural network ({NN}) based probabilistic model which can represent a distribution over stochastic processes. So {NPs} combine elements from two worlds:
 Deep Learning – neural networks are flexible non-linear functions which are straightforward to train Gaussian Processes – {GPs} offer a probabilistic framework for learning a distribution over a wide class of non-linear functions  Both have their advantages and drawbacks.},
	titleaddon = {Kaspar Märtens {\textbar} Machine Learning researcher},
	author = {Märtens, Kaspar},
	urldate = {2023-06-30},
	date = {2018-08-10},
}

@article{gordon2019convolutional,
  title={Convolutional conditional neural processes},
  author={Gordon, Jonathan and Bruinsma, Wessel P and Foong, Andrew YK and Requeima, James and Dubois, Yann and Turner, Richard E},
  journal={arXiv preprint arXiv:1910.13556},
  year={2019}
}

@article{bruinsma2021gaussian,
  title={The Gaussian neural process},
  author={Bruinsma, Wessel P and Requeima, James and Foong, Andrew YK and Gordon, Jonathan and Turner, Richard E},
  journal={arXiv preprint arXiv:2101.03606},
  year={2021}
}

@article{markou2021efficient,
  title={Efficient gaussian neural processes for regression},
  author={Markou, Stratis and Requeima, James and Bruinsma, Wessel and Turner, Richard},
  journal={arXiv preprint arXiv:2108.09676},
  year={2021}
}

@article{simpson2021kernel,
  title={Kernel identification through transformers},
  author={Simpson, Fergus and Davies, Ian and Lalchand, Vidhi and Vullo, Alessandro and Durrande, Nicolas and Rasmussen, Carl Edward},
  journal={Advances in Neural Information Processing Systems},
  volume={34},
  pages={10483--10495},
  year={2021}
}

@article{bruinsma2023autoregressive,
  title={Autoregressive conditional neural processes},
  author={Bruinsma, Wessel P and Markou, Stratis and Requiema, James and Foong, Andrew YK and Andersson, Tom R and Vaughan, Anna and Buonomo, Anthony and Hosking, J Scott and Turner, Richard E},
  journal={arXiv preprint arXiv:2303.14468},
  year={2023}
}

@article{lenzi2023neural,
  title={Neural networks for parameter estimation in intractable models},
  author={Lenzi, Amanda and Bessac, Julie and Rudi, Johann and Stein, Michael L},
  journal={Computational Statistics \& Data Analysis},
  volume={185},
  pages={107762},
  year={2023},
  publisher={Elsevier}
}

@article{lee2017deep,
  title={Deep neural networks as gaussian processes},
  author={Lee, Jaehoon and Bahri, Yasaman and Novak, Roman and Schoenholz, Samuel S and Pennington, Jeffrey and Sohl-Dickstein, Jascha},
  journal={arXiv preprint arXiv:1711.00165},
  year={2017}
}

@article{neal1996priors,
  title={Priors for infinite networks},
  author={Neal, Radford M and Neal, Radford M},
  journal={Bayesian learning for neural networks},
  pages={29--53},
  year={1996},
  publisher={Springer}
}

@article{williams1996computing,
  title={Computing with infinite networks},
  author={Williams, Christopher},
  journal={Advances in neural information processing systems},
  volume={9},
  year={1996}
}

@article{domingos2020every,
  title={Every model learned by gradient descent is approximately a kernel machine},
  author={Domingos, Pedro},
  journal={arXiv preprint arXiv:2012.00152},
  year={2020}
}

@article{jacot2018neural,
  title={Neural tangent kernel: Convergence and generalization in neural networks},
  author={Jacot, Arthur and Gabriel, Franck and Hongler, Cl{\'e}ment},
  journal={Advances in neural information processing systems},
  volume={31},
  year={2018}
}

@article{hazan2015steps,
  title={Steps toward deep kernel methods from infinite neural networks},
  author={Hazan, Tamir and Jaakkola, Tommi},
  journal={arXiv preprint arXiv:1508.05133},
  year={2015}
}

@article{daniely2016toward,
  title={Toward deeper understanding of neural networks: The power of initialization and a dual view on expressivity},
  author={Daniely, Amit and Frostig, Roy and Singer, Yoram},
  journal={Advances in neural information processing systems},
  volume={29},
  year={2016}
}

@article{nguyen2022transformer,
  title={Transformer neural processes: Uncertainty-aware meta learning via sequence modeling},
  author={Nguyen, Tung and Grover, Aditya},
  journal={arXiv preprint arXiv:2207.04179},
  year={2022}
}

@article{kim2019attentive,
  title={Attentive neural processes},
  author={Kim, Hyunjik and Mnih, Andriy and Schwarz, Jonathan and Garnelo, Marta and Eslami, Ali and Rosenbaum, Dan and Vinyals, Oriol and Teh, Yee Whye},
  journal={arXiv preprint arXiv:1901.05761},
  year={2019}
}

@article{dutordoir2022neural,
  title={Neural diffusion processes},
  author={Dutordoir, Vincent and Saul, Alan and Ghahramani, Zoubin and Simpson, Fergus},
  journal={arXiv preprint arXiv:2206.03992},
  year={2022}
}

@article{vaswani2017attention,
  title={Attention is all you need},
  author={Vaswani, Ashish and Shazeer, Noam and Parmar, Niki and Uszkoreit, Jakob and Jones, Llion and Gomez, Aidan N and Kaiser, {\L}ukasz and Polosukhin, Illia},
  journal={Advances in neural information processing systems},
  volume={30},
  year={2017}
}

@article{zaheer2017deep,
  title={Deep sets},
  author={Zaheer, Manzil and Kottur, Satwik and Ravanbakhsh, Siamak and Poczos, Barnabas and Salakhutdinov, Russ R and Smola, Alexander J},
  journal={Advances in neural information processing systems},
  volume={30},
  year={2017}
}

@article{matthews2018gaussian,
  title={Gaussian process behaviour in wide deep neural networks},
  author={Matthews, Alexander G de G and Rowland, Mark and Hron, Jiri and Turner, Richard E and Ghahramani, Zoubin},
  journal={arXiv preprint arXiv:1804.11271},
  year={2018}
}

@online{morales2021neural,
	title = {The Neural Process Family - A PhD Journey: Learning to Learn},
	url = {https://notes.theomorales.com/Gaussian+%26+Neural+Processes/The+Neural+Process+Family},
	author = {Theo Morales},
  data = {2021-05-24}
}

@article{Janowicz_Gao_McKenzie_Hu_Bhaduri_2020,
  title={GeoAI: spatially explicit artificial intelligence techniques for geographic knowledge discovery and beyond}, 
  volume={34}, 
  DOI={10.1080/13658816.2019.1684500}, 
  number={4}, 
  journal={International Journal of Geographical Information Science}, 
  publisher={Taylor & Francis}, 
  author={Janowicz, Krzysztof and Gao, Song and McKenzie, Grant and Hu, Yingjie and Bhaduri, Budhendra}, 
  year={2020}, 
  month={Apr}, 
  pages={625–636} 
}

@article{zhang2022artificial,
  title={Artificial intelligence for remote sensing data analysis: A review of challenges and opportunities},
  author={Zhang, Lefei and Zhang, Liangpei},
  journal={IEEE Geoscience and Remote Sensing Magazine},
  volume={10},
  number={2},
  pages={270--294},
  year={2022},
  publisher={IEEE}
}

@article{lee2015geospatial,
  title={Geospatial big data: challenges and opportunities},
  author={Lee, Jae-Gil and Kang, Minseo},
  journal={Big Data Research},
  volume={2},
  number={2},
  pages={74--81},
  year={2015},
  publisher={Elsevier}
}

@article{gao2020geo,
  title={A Review of Recent Researches and Reflections on Geospatial Artificial Intelligence}, 
  volume={45}, 
  DOI={10.13203/j.whugis20200597}, 
  number={12}, 
  journal={Geomatics and Information Science of Wuhan University}, 
  author={Song Gao}, 
  year={2020}, 
  pages={1865–1874},
}

@article{liu2022note, 
  title={A note on GeoAI from the perspective of geographical laws}, 
  volume={51}, 
  ISSN={1001-1595}, 
  DOI={10.11947/j.AGCS.2022.20220125}, 
  number={6}, 
  journal={Acta Geodaetica et Cartographica Sinica}, 
  author={Yu Liu and Hao Guo and Haifeng Li and Weihua Dong and Tao Fei}, 
  year={2022}, 
  pages={1062–1069}, 
}

@article{graham2013geography,
  title={Geography and the future of big data, big data and the future of geography},
  author={Graham, Mark and Shelton, Taylor},
  journal={Dialogues in Human geography},
  volume={3},
  number={3},
  pages={255--261},
  year={2013},
  publisher={SAGE Publications Sage UK: London, England}
}
